@book{handbookface,
  title={Handbook of face recognition},
  author={Jain, Anil K and Li, Stan Z},
  year={2011},
  publisher={Springer}
}

@book{handbookbio,
  title={Handbook of biometrics},
  author={Jain, Anil K and Flynn, Patrick and Ross, Arun A},
  year={2007},
  publisher={Springer Science \& Business Media}
}

@misc{icao,
  author = {ACI WORLD HEADQUARTERS},
  title = {The Application of Biometrics at Airports},
  month = {11},
  year = {2005},
  note = {(Accessed on 04/04/2018)}
}

@article{kanade1974,
  title={Picture processing system by computer complex and recognition of human faces},
  author={Kanade, Takeo},
  year={1974},
  publisher={Kyoto University}
}

@article{kirby1990application,
  title={Application of the Karhunen-Loeve procedure for the characterization of human faces},
  author={Kirby, Michael and Sirovich, Lawrence},
  journal={IEEE Transactions on Pattern analysis and Machine intelligence},
  volume={12},
  number={1},
  pages={103--108},
  year={1990},
  publisher={IEEE}
}

@article{turk1991eigenfaces,
  title={Eigenfaces for recognition},
  author={Turk, Matthew and Pentland, Alex},
  journal={Journal of cognitive neuroscience},
  volume={3},
  number={1},
  pages={71--86},
  year={1991},
  publisher={MIT Press}
}

@article{belhumeur1997eigenfaces,
  title={Eigenfaces vs. fisherfaces: Recognition using class specific linear projection},
  author={Belhumeur, Peter N. and Hespanha, Jo{\~a}o P and Kriegman, David J.},
  journal={IEEE Transactions on pattern analysis and machine intelligence},
  volume={19},
  number={7},
  pages={711--720},
  year={1997},
  publisher={IEEE}
}

@article{wiskott1997face,
  title={Face recognition by elastic bunch graph matching},
  author={Wiskott, Laurenz and Kr{\"u}ger, Norbert and Kuiger, N and Von Der Malsburg, Christoph},
  journal={IEEE Transactions on pattern analysis and machine intelligence},
  volume={19},
  number={7},
  pages={775--779},
  year={1997},
  publisher={IEEE}
}

@article{viola2001rapid,
  title={Rapid object detection using a boosted cascade of simple features},
  author={Viola, Paul and Jones, Michael},
  booktitle={Computer Vision and Pattern Recognition, 2001. CVPR 2001. Proceedings of the 2001 IEEE Computer Society Conference on},
  volume={1},
  pages={I--I},
  year={2001},
  organization={IEEE}
}

@article{zhao2003face,
  title={Face recognition: A literature survey},
  author={Zhao, Wenyi and Chellappa, Rama and Phillips, P Jonathon and Rosenfeld, Azriel},
  journal={ACM computing surveys (CSUR)},
  volume={35},
  number={4},
  pages={399--458},
  year={2003},
  publisher={ACM}
}

@book{duda2012pattern,
  title={Pattern classification},
  author={Duda, Richard O and Hart, Peter E and Stork, David G},
  year={2012},
  publisher={John Wiley \& Sons}
}

@article{bartlett2002face,
  title={Face recognition by independent component analysis},
  author={Bartlett, Marian Stewart and Movellan, Javier R and Sejnowski, Terrence J},
  journal={IEEE Transactions on neural networks},
  volume={13},
  number={6},
  pages={1450--1464},
  year={2002},
  publisher={IEEE}
}

@book{buduma2017fundamentals,
	title={Fundamentals of deep learning: designing next-generation machine intelligence algorithms},
	author={Buduma, Nikhil and Locascio, Nicholas},
	year={2017},
	publisher={" O'Reilly Media, Inc."}
}

@book{goodfellow2016deep,
	title={Deep learning},
	author={Goodfellow, Ian and Bengio, Yoshua and Courville, Aaron and Bengio, Yoshua},
	volume={1},
	year={2016},
	publisher={MIT press Cambridge}
}

@article{dumoulin2016guide,
	title={A guide to convolution arithmetic for deep learning},
	author={Dumoulin, Vincent and Visin, Francesco},
	journal={arXiv preprint arXiv:1603.07285},
	year={2016}
}

@misc{cs231n,
	author = {CS231n},
	title = {CS231n Convolutional Neural Networks for Visual Recognition},
	howpublished = {\url{http://cs231n.github.io/convolutional-networks}},
	month = {1},
	year = {2018},
	note = {(Accessed on 05/01/2018)}
}

@inproceedings{lawrence1997lessons,
	title={Lessons in neural network training: Overfitting may be harder than expected},
	author={Lawrence, Steve and Giles, C Lee and Tsoi, Ah Chung},
	booktitle={AAAI/IAAI},
	pages={540--545},
	year={1997},
	organization={Citeseer}
}

@article{nielsen2015chapter,
	title={Chapter 3, Improving the Way Neural Networks Learn},
	author={Nielsen, M},
	journal={Neural Networks and Deep Learning. Available online: http://neuralnetworksanddeeplearning. com/chap3. html (accessed on 8 May 2017)},
	year={2015}
}

@misc{Regulari14,
	author = {},
	title = {Regularization for Simplicity: L2 Regularization  |  Machine Learning Crash Course  |  Google Developers},
	howpublished = {\url{https://developers.google.com/machine-learning/crash-course/regularization-for-simplicity/l2-regularization}},
	month = {},
	year = {},
	note = {(Accessed on 05/04/2018)}
}

@article{van2017l2,
	title={L2 regularization versus batch and weight normalization},
	author={van Laarhoven, Twan},
	journal={arXiv preprint arXiv:1706.05350},
	year={2017}
}

@misc{Regulari75,
	author = {},
	title = {Regularization for Sparsity: L1 Regularization  |  Machine Learning Crash Course  |  Google Developers},
	howpublished = {\url{https://developers.google.com/machine-learning/crash-course/regularization-for-sparsity/l1-regularization}},
	month = {},
	year = {},
	note = {(Accessed on 05/06/2018)}
}

@inproceedings{schroff2015facenet,
	title={Facenet: A unified embedding for face recognition and clustering},
	author={Schroff, Florian and Kalenichenko, Dmitry and Philbin, James},
	booktitle={Proceedings of the IEEE conference on computer vision and pattern recognition},
	pages={815--823},
	year={2015}
}

@misc{davidsan26,
	author = {},
	title = {davidsandberg/facenet: Face recognition using Tensorflow},
	howpublished = {\url{https://github.com/davidsandberg/facenet}},
	month = {},
	year = {},
	note = {(Accessed on 05/06/2018)}
}

@article{wst2008deeply,
	title={Deeply learned face representations are sparse, selective, and robust},
	author={WST, Web-Scale Training},
	journal={perception},
	volume={31},
	pages={411--438},
	year={2008}
}

@article{weinberger2009distance,
	title={Distance metric learning for large margin nearest neighbor classification},
	author={Weinberger, Kilian Q and Saul, Lawrence K},
	journal={Journal of Machine Learning Research},
	volume={10},
	number={Feb},
	pages={207--244},
	year={2009}
}